<record><leader>00000cas a22000007a 4500</leader><controlfield tag="001">35915873</controlfield><controlfield tag="008">961114c19969999cauwr n       0   a0eng c</controlfield><datafield ind1=" " ind2=" " tag="010"><subfield code="a">sn 96002528 </subfield></datafield><datafield ind1=" " ind2=" " tag="040"><subfield code="a">NSD</subfield><subfield code="b">eng</subfield><subfield code="c">NSD</subfield><subfield code="d">OCLCQ</subfield><subfield code="d">CHU</subfield><subfield code="d">OCLCO</subfield><subfield code="d">OCLCF</subfield></datafield><datafield ind1=" " ind2=" " tag="012"><subfield code="l">1</subfield><subfield code="m">0</subfield></datafield><datafield ind1="1" ind2=" " tag="022"><subfield code="a">1091-7136</subfield><subfield code="l">1091-7136</subfield><subfield code="2">1</subfield></datafield><datafield ind1=" " ind2=" " tag="037"><subfield code="b">McKinleyville Press, PO Box 2593, McKinleyville, CA 95519</subfield><subfield code="c">$15.00 (out of county)</subfield><subfield code="c">$12.00 (within county)</subfield></datafield><datafield ind1=" " ind2=" " tag="042"><subfield code="a">nsdp</subfield><subfield code="a">pcc</subfield></datafield><datafield ind1=" " ind2="0" tag="222"><subfield code="a">McKinleyville press</subfield></datafield><datafield ind1="0" ind2="0" tag="245"><subfield code="a">McKinleyville press.</subfield></datafield><datafield ind1=" " ind2=" " tag="260"><subfield code="a">McKinleyville, CA :</subfield><subfield code="b">McKinleyville Press</subfield></datafield><datafield ind1=" " ind2=" " tag="300"><subfield code="a">v.</subfield></datafield><datafield ind1=" " ind2=" " tag="310"><subfield code="a">Weekly</subfield></datafield><datafield ind1="1" ind2=" " tag="362"><subfield code="a">Began in 1996.</subfield></datafield><datafield ind1=" " ind2=" " tag="588"><subfield code="a">Description based on: Vol. 1, no. 10 (Oct. 22, 1996).</subfield></datafield><datafield ind1=" " ind2="0" tag="651"><subfield code="a">McKinleyville (Calif.)</subfield><subfield code="v">Periodicals.</subfield></datafield><datafield ind1=" " ind2="7" tag="655"><subfield code="a">Periodicals.</subfield><subfield code="2">fast</subfield><subfield code="0">(OCoLC)fst01411641</subfield></datafield><datafield ind1=" " ind2="7" tag="651"><subfield code="a">California</subfield><subfield code="z">McKinleyville.</subfield><subfield code="2">fast</subfield><subfield code="0">(OCoLC)fst01248521</subfield></datafield><datafield ind1=" " ind2=" " tag="752"><subfield code="a">United States</subfield><subfield code="b">California</subfield><subfield code="c">Humboldt</subfield><subfield code="d">McKinleyville.</subfield></datafield></record>